<?xml version="1.0" encoding="UTF-8"?><collection xmlns="http://www.loc.gov/MARC21/slim"><record><leader>00454nam--2200133-i-4500</leader><controlfield tag="001">000014831</controlfield><controlfield tag="002">20161230</controlfield><controlfield tag="005">20161230201031</controlfield><controlfield tag="008">060222s1000------------r-----000-0-eng-d</controlfield><datafield ind1=" " ind2=" " tag="245"><subfield code="a">Brandeis summer institute in theoretical physi cs, 1963: vol.2: lectures on astrophysics and weak inter actions</subfield></datafield><datafield ind1=" " ind2=" " tag="260"><subfield code="a">Waltham, Massachusetts, Brandeis University, 1964</subfield></datafield><datafield ind1=" " ind2=" " tag="490"><subfield code="a">V + 471 P</subfield></datafield><datafield ind1=" " ind2=" " tag="700"><subfield code="a">Hayakaea, S., Chiu, H.Y./S.A.</subfield></datafield><datafield ind1=" " ind2=" " tag="852"><subfield code="a">539.12.01(075.9):524.1</subfield></datafield></record></collection>